<?xml version="1.0" encoding="UTF-8"?><collection xmlns="http://www.loc.gov/MARC21/slim"><record><leader>00608nam--2200217-u-4500</leader><controlfield tag="001">000050787</controlfield><controlfield tag="002">20161230</controlfield><controlfield tag="005">20161230201048</controlfield><controlfield tag="008">080403s1000------------r-----000-0-eng-d</controlfield><datafield ind1=" " ind2=" " tag="020"><subfield code="a">0-521-66580-9</subfield></datafield><datafield ind1=" " ind2=" " tag="040"><subfield code="a">IFIN-HH</subfield></datafield><datafield ind1=" " ind2=" " tag="080"><subfield code="a">530.145:538.9</subfield></datafield><datafield ind1="1" ind2=" " tag="100"><subfield code="a">Pethick, C.J</subfield></datafield><datafield ind1="1" ind2="0" tag="245"><subfield code="a">Bose-Einstein Condensation in Dilute Gases</subfield><subfield code="c">C.J. Pethick; H. Smith</subfield></datafield><datafield ind1=" " ind2=" " tag="260"><subfield code="a">Cambridge</subfield><subfield code="b">University Press</subfield><subfield code="c">2002</subfield></datafield><datafield ind1=" " ind2=" " tag="300"><subfield code="a">401 p</subfield></datafield><datafield ind1="I" ind2=" " tag="504"><subfield code="a">Includes Bibliographical References and Index</subfield></datafield><datafield ind1=" " ind2="4" tag="650"><subfield code="a">Bose-Einstein Condensation</subfield></datafield><datafield ind1="1" ind2=" " tag="700"><subfield code="a">Smith, H</subfield></datafield><datafield ind1=" " ind2=" " tag="852"><subfield code="c">530.14</subfield></datafield><datafield ind1=" " ind2=" " tag="CAT"><subfield code="a">Sys</subfield><subfield code="c">20110329</subfield><subfield code="h">133452</subfield></datafield></record></collection>